
@unpublished{gaudecker2019templates,
	Author = {Hans-Martin von Gaudecker},
	Note = {\url{https://doi.org/10.5281/zenodo.2533241}},
	Title = {Templates for Reproducible Research Projects in Economics},
	Year = {2019},
}

@article{zeileis2015package,
  title={Package ‘strucchange’},
  author={Zeileis, Achim and Leisch, Friedrich and Hornik, Kurt and Kleiber, Christian and Hansen, Bruce and Merkle, Edgar C and Zeileis, Maintainer Achim},
  journal={R CRAN Repository Report},
  year={2015},
}

@misc{zeileis2019strucchange,
  title={strucchange: Testing, Monitoring, and Dating Structural Changes},
  note={\url{https://CRAN.R-project.org/package=strucchange}},
  author={Zeileis, Achim and Leisch, Friedrich and Hornik, Kurt and Kleiber, Christian and Hansen, Bruce and Merkle, Edgar C},
  year={2019},
}

@article{bai2003computation,
  title={Computation and analysis of multiple structural change models},
  author={Bai, Jushan and Perron, Pierre},
  journal={Journal of applied econometrics},
  volume={18},
  number={1},
  pages={1--22},
  year={2003},
  publisher={Wiley Online Library},
}

@misc{world2017homicides,
  title={Intentional homicides (per 100,000 people)},
  author={World Bank},
  Note = {\url{https://data.worldbank.org/indicator/VC.IHR.PSRC.P5}},
  year={2017},
}
